@article{krumm2009,
  title={A survey of computational location privacy},
  author={Krumm, John},
  journal={Personal and Ubiquitous Computing},
  volume={13},
  number={6},
  pages={391--399},
  year={2009},
  publisher={Springer}
}
@inproceedings{Gruteser2003,
 author = {Gruteser, Marco and Grunwald, Dirk},
 title = {Anonymous Usage of Location-Based Services Through Spatial and Temporal Cloaking},
 booktitle = {Proceedings of the 1st International Conference on Mobile Systems, Applications and Services},
 series = {MobiSys '03},
 year = {2003},
 location = {San Francisco, California},
 pages = {31--42},
 numpages = {12},
 url = {http://doi.acm.org/10.1145/1066116.1189037},
 doi = {10.1145/1066116.1189037},
 acmid = {1189037},
 publisher = {ACM},
 address = {New York, NY, USA},
}


@article{sweeney2002k,
  title={k-anonymity: A model for protecting privacy},
  author={Sweeney, Latanya},
  journal={International Journal of Uncertainty, Fuzziness and Knowledge-Based Systems},
  volume={10},
  number={05},
  pages={557--570},
  year={2002},
  publisher={World Scientific}
}

@misc{GuardienMassSurveillance,
title={NSA and GCHQ: the flawed psychology of government mass surveillance},
author={Chris Chambers},
year=2013,
note={\url{http://www.theguardian.com/science/head-quarters/2013/aug/26/nsa-gchq-psychology-government-mass-surveillance} [last access on 21.1.2015}
}

@misc{PNR,
title={2007 PNR Agreement},
author={European Union},
year=2007,
note={\href{http://eur-lex.europa.eu/LexUriServ/LexUriServ.do?uri=OJ:L:2007:204:0018:0025:EN:PDF}{http://eur-lex.europa.eu/}}}

@misc{SAFE_HABOR,
title={2000/520/EC: Commission Decision of 26 July 2000 (Safe Habor)},
author={European Commission},
year=2000,
note={\href{http://eur-lex.europa.eu/legal-content/en/TXT/?uri=CELEX:32000D0520}{http://eur-lex.europa.eu/}}
}

@misc{EUFR2010,
title={Charter of Fundamental Rights of the European Union},
author={European Union},
year=2010,
note={\href{http://eur-lex.europa.eu/legal-content/EN/TXT/?uri=uriserv:OJ.C_.2010.083.01.0389.01.ENG}{http://eur-lex.europa.eu/}}
}

@misc{CONV108,
title={Convention for the Protection of Individuals with regard to Automatic Processing of Personal Data},
author={Council of Europe},
year=1981,
note={\href{http://conventions.coe.int/Treaty/en/Treaties/Html/108.htm}{http://conventions.coe.int/}},
}

@misc{EU_HANDBOOK_2014,
title={Handbook on European data protection law},
author={European Union Agency for Fundamental Rights},
year=2014,
note={\href{http://fra.europa.eu/sites/default/files/fra-2014-handbook-data-protection-law_en.pdf}{http://fra.europa.eu/}}
}

@misc{OECD80,
title = {Recommendations of the Council Concerning Guidelines Governing the Protection of Privacy and Trans-Border flows of Personal Data},
author = {OECD},
year = 1980,
note = {\href{http://www.oecd.org/internet/ieconomy/oecdguidelinesontheprotectionofprivacyandtransborderflowsofpersonaldata.htm}{http://www.oecd.org/}}
}

@misc{DIR95,
title = {Directive 95/46/EC of the European Parliament and of the Council of the Protection of Individuals with Regard to the Processing of Personal Data and on the Free Movement of Such Data},
author = {European Unioon},
year = 1995,
note={\href{http://eur-lex.europa.eu/legal-content/EN/TXT/?qid=1412869156165&uri=CELEX:31995L0046}{http://eur-lex.europa.eu/}},
}

@misc{ECHR,
title = {European Convention for the Protection of Human Rights and Fundamental Freedoms, as ammended by Protocols Nos. 11 and 14},
author = {Council of Europe},
year = 1950,
note={\href{http://conventions.coe.int/treaty/en/treaties/html/005.htm}{http://conventions.coe.int/}}
}

@incollection{Goker:2009,
	Author = {Ayse G\"oker and Hans Myrhaug and Ralf Bierig},
	Booktitle = {Information Retrieval: Searching in the 21st Century},
	Editor = {Ayse G\"oker and J. Davies},
	Publisher = {John Wiley \& Sons, Inc.},
	Title = {Context and Information Retrieval},
	Year = {2009}}

@PROCEEDINGS{DBLP:conf/dlog/2003handbook,
  title = {Description Logic Handbook},
  year = {2003},
  editor = {Baader, F. and Calvanese, D. and McGuinness, D. L. and Nardi, D. and Patel-Schneider, P. F.},
  publisher = {Cambridge University Press}
}

@ARTICLE{hitzler-p-2009-1,
  author = {Hitzler, P. and Kr\"otzsch, M. and Parsia, B. and Patel-Schneider,
	P. F. and Rudolph, S.},
  title = {OWL 2 Web Ontology Language Primer},
  journal = {W3C Recommendation},
  year = {2009},
  volume = {27},
  pages = {1--123},
  publisher = {W3C}
}

@book{Brachman:2004,
	Author = {Ronald J. Brachman and Hector J. Levesque},
	Title = {Knowledge Representation and Reasoning},
	Publisher = {Morgan Kaufmann},
	Year = {2004}}


@inproceedings{Strang:2004,
	Author = {Strang, Thomas and Popien, Claudia L.},
	Booktitle = {UbiComp 1st International Workshop on Advanced Context Modelling, Reasoning and Management},
	Pages = {31--41},
	Title = {A Context Modeling Survey},
	Year = 2004}

@article{Hong:2009,
	Author = {Jong-yi Hong and Eui-ho Suh and Sung-Jin Kim},
	Journal = {Expert Systems with Applications},
	Pages = {8509--8522},
	Title = {Context-aware systems: A literature review and classification},
	Volume = {36},
	Year = {2009}}

%%%%%%%%%%%%%%%

@inproceedings{Maurer:2006,
author = {Uwe Maurer and Asim Smailagic and Daniel P. Siewiorek and Michael Deisher},
title = {{Activity Recognition and Monitoring Using Multiple Sensors on Different Body Positions}},
booktitle = {Wearable and Implantable Body Sensor Networks},
year = {2006},
pages = {113--116},
doi = {10.1109/BSN.2006.6},
masid = {2480381}
}

@Article{Broquetas:2012,
AUTHOR = {Broquetas, Antoni and Comerón, Adolf and Gelonch, Antoni and Fuertes, Josep M. and Castro, J. Antonio and Felip, Damià and López, Miguel A. and Pulido, José A.},
TITLE = {Track Detection in Railway Sidings Based on MEMS Gyroscope Sensors},
JOURNAL = {Sensors},
VOLUME = {12},
YEAR = {2012},
NUMBER = {12},
PAGES = {16228--16249},
URL = {http://www.mdpi.com/1424-8220/12/12/16228},
PubMedID = {23443376},
ISSN = {1424-8220},
DOI = {10.3390/s121216228}
}

@inproceedings{Stenneth:2011,
 author = {Stenneth, Leon and Wolfson, Ouri and Yu, Philip S. and Xu, Bo},
 title = {Transportation mode detection using mobile phones and GIS information},
 booktitle = {Proceedings of the 19th ACM SIGSPATIAL International Conference on Advances in Geographic Information Systems},
 series = {GIS '11},
 year = {2011},
 isbn = {978-1-4503-1031-4},
 location = {Chicago, Illinois},
 pages = {54--63},
 numpages = {10},
 url = {http://doi.acm.org/10.1145/2093973.2093982},
 doi = {10.1145/2093973.2093982},
 acmid = {2093982},
 publisher = {ACM},
 address = {New York, NY, USA},
 keywords = {GIS, GPS, context awareness, mobile phones, pattern recognition},
}

@ARTICLE{Saab:2000,
author={Saab, S.S.},
journal={Vehicular Technology, IEEE Transactions on},
title={A map matching approach for train positioning. I. Development and analysis},
year={2000},
volume={49},
number={2},
pages={467-475},
doi={10.1109/25.832978},
ISSN={0018-9545},
}

@misc{SDCF,
author = {Martin Atzmueller and  Katy Hilgenberg},
title = {Open-Source Sensor Data Collection Framework ({SDCF})},
month = {May},
year = {2013},
note = {\url{http://www.sdcf.eu}}
}

@misc{SDCFReport,
author = {Katy Hilgenberg},
title = {Android Sensor Data Collection Framework (Project Report)},
month = {November},
year = {2011},
note = {\url{http://sourceforge.net/projects/sdcf/files/doc/ProjectReport.pdf}}
}

@misc{wiki:ac,
   author = {Wikipedia},
   title = {Autocorrelation --- Wikipedia{,} The Free Encyclopedia},
   month = {May},
   year = {2013},
   note = {\url{http://en.wikipedia.org/w/index.php?title=Autocorrelation&oldid=549684761}}
}

@misc{AndroidSensors:Online,
author = {Google Inc.},
title = {Sensor types supported by the Android platform},
month = {May},
year = {2013},
note = {\url{http://developer.android.com/guide/topics/sensors/sensors_overview.html}}
}

@inproceedings{sato2012,
  author = {Aki-Hiro Sato},
  title =  {A comprehensive of time series segmentation on the Japanese stock prices},
  booktitle = {4th World Congress on Social Simulation},
  series = {WCSS '12},
  year = {2012}
}

@misc{calenge2011,
author = {C. Calenge},
title = {Analysis of Animal Movements in R: the adehabitatLT Package},
year = {2011},
note = "\url{ftp://129.132.148.136/CRAN/web/packages/adehabitatLT/vignettes/adehabitatLT.pdf}"
}

@article{Alb2008,
  author = {Steffen Albrecht and Niels Kohlrausch and Herbert Kubicek and Barbara Lippa and Oliver Maerker and Matthias Trenel and Volker Vorwerk and Hilmar Westholm and Christian Wiedwald},
  title = {{eParticipation - Electronic Participation of Citizens and the Business Community in eGovernment}},
  journal = {Study on Behalf of the Federal Ministry of the Interior, Division IT 1},
  year = {2008}
}


@article{Daw2008,
  author = {Dawes, Sharon S.},
  title = {{The evolution and continuing challenges of e-governance}},
  journal = {Public Administration Review},
  year = {2008}
}

@article{Las2012,
  author = {Kovats,Laszlo and Arnhold, Valerie},
  title = {{D2.1 - Conceptual documentation on issues, organization and stakeholder assessment}},
  journal = {Deliverable Live+Gov FP7-288815},
  year = {2012}
}

@article{journals/network/PerezLB10,
  added-at = {2011-05-16T00:00:00.000+0200},
  author = {Perez, Alfredo J. and Labrador, Miguel A. and Barbeau, Sean J.},
  biburl = {http://www.bibsonomy.org/bibtex/287f4af6c10a42fbffd11c091981dabd1/dblp},
  ee = {http://dx.doi.org/10.1109/MNET.2010.5510920},
  interhash = {5b967834116091f03095d32842dc7db9},
  intrahash = {87f4af6c10a42fbffd11c091981dabd1},
  journal = {IEEE Network},
  keywords = {dblp},
  number = 4,
  pages = {57-64},
  timestamp = {2011-05-16T00:00:00.000+0200},
  title = {G-Sense: a scalable architecture for global sensing and monitoring.},
  url = {http://dblp.uni-trier.de/db/journals/network/network24.html#PerezLB10},
  volume = 24,
  year = 2010
}

@inproceedings{Jia:2009:DET:1674669.1678794,
 author = {Jia, Yanjun},
 title = {Diatetic and Exercise Therapy against Diabetes Mellitus},
 booktitle = {Proceedings of the 2009 Second International Conference on Intelligent Networks and Intelligent Systems},
 series = {ICINIS '09},
 year = {2009},
 isbn = {978-0-7695-3852-5},
 pages = {693--696},
 numpages = {4},
 url = {http://dx.doi.org/10.1109/ICINIS.2009.177},
 doi = {10.1109/ICINIS.2009.177},
 acmid = {1678794},
 publisher = {IEEE Computer Society},
 address = {Washington, DC, USA},
 keywords = {insulin resistance, diabetes mellitus, glucose update, GLUT-4 translocation},
}

@article{10.1109/TKDE.2007.1042,
author = {Jie Yin and Qiang Yang and Jeffrey Junfeng Pan},
title = {Sensor-Based Abnormal Human-Activity Detection},
journal ={IEEE Transactions on Knowledge and Data Engineering},
volume = {20},
number = {8},
issn = {1041-4347},
year = {2008},
pages = {1082-1090},
doi = {http://doi.ieeecomputersociety.org/10.1109/TKDE.2007.1042},
publisher = {IEEE Computer Society},
address = {Los Alamitos, CA, USA},
}

@article{schlm1999,
author = {O. X. Schlmilch and B. Witzschel and M. Cantor and E. Kahl and R. Mehmke
and C. Runge},
title = {Detection of posture and motion by accelerometry:
a validation study in ambulatory monitoring},
journal ={Computers in Human Behavior},
volume = {15},
number = {5},
year = {1999},
pages = {571-583},
}

@article{Kasteren:2010:AMS:1851896.1851902,
 author = {Kasteren, T. L. and Englebienne, G. and Kr\"ose, B. J.},
 title = {An activity monitoring system for elderly care using generative and discriminative models},
 journal = {Personal Ubiquitous Comput.},
 issue_date = {September 2010},
 volume = {14},
 number = {6},
 month = sep,
 year = {2010},
 issn = {1617-4909},
 pages = {489--498},
 numpages = {10},
 url = {http://dx.doi.org/10.1007/s00779-009-0277-9},
 doi = {10.1007/s00779-009-0277-9},
 acmid = {1851902},
 publisher = {Springer-Verlag},
 address = {London, UK, UK},
 keywords = {Activity recognition, Machine learning, Wireless sensor networks},
}

@article{47674645,
author = {Andrei Tolstikov and Xin Hong and Jit Biswas and Chris Nugent and Liming Chen and Guido Parente},
title = {{Comparison of fusion methods based on DST and DBN in human activity recognition}},
journal = {Journal of Control Theory and Applications},
volume = {9},
year = {2011},
pages = {18--27},
issue = {1},
doi = {10.1007/s11768-011-0260-7},
masid = {47674645}
}

@article{39324235,
author = {Jaeyoung Yang and Joonwhan Lee and Joongmin Choi},
title = {{Activity Recognition Based on RFID Object Usage for Smart Mobile Devices}},
journal = {Journal of Computer Science and Technology},
volume = {26},
year = {2011},
pages = {239--246},
issue = {2},
doi = {10.1007/s11390-011-9430-9},
masid = {39324235}
}

@article{15227909,
author = {Jehad Sarkar and La The Vinh and Young-Koo Lee and Sungyoung Lee},
title = {{GPARS: a general-purpose activity recognition system}},
journal = {Applied Intelligence},
volume = {33},
pages = {1--18},
issue = {1},
doi = {10.1007/s10489-010-0217-4},
masid = {15227909}
}

@article{4770627,
author = {Pavan K. Turaga and Rama Chellappa and V. S. Subrahmanian and Octavian Udrea},
title = {{Machine Recognition of Human Activities: A Survey}},
journal = {IEEE Transactions on Circuits and Systems for Video Technology},
volume = {18},
year = {2008},
pages = {1473--1488},
issue = {11},
doi = {10.1109/TCSVT.2008.2005594},
masid = {4770627}
}

@article{14406734,
author = {Joshua Candamo and Matthew Shreve and Dmitry B. Goldgof and Deborah B. Sapper and Rangachar Kasturi},
title = {{Understanding Transit Scenes: A Survey on Human Behavior-Recognition Algorithms}},
journal = {IEEE Transactions on Intelligent Transportation Systems},
volume = {11},
year = {2010},
pages = {206--224},
issue = {1},
doi = {10.1109/TITS.2009.2030963},
masid = {14406734}
}

@inproceedings{50939836,
author = {C. N. Joseph and S. Kokulakumaran and K. Srijeyanthan and A. Thusyanthan and C. Gunasekara and C. D. Gamage},
title = {{A framework for whole-body gesture recognition from video feeds}},
booktitle = {International Conference on Industrial and Information Systems},
year = {2010},
doi = {10.1109/ICIINFS.2010.5578666},
masid = {50939836}
}

@inproceedings{50706749,
author = {M. Ahad and J. K. Tan and H. S. Kim and S. Ishikawa},
title = {{Human activity recognition: Various paradigms}},
booktitle = {International Conference on Control, Automation and Systems},
year = {2008},
doi = {10.1109/ICCAS.2008.4694407},
masid = {50706749}
}

@inproceedings{61401465,
author = {Jamie Shotton and Andrew Fitzgibbon and Mat Cook and Toby Sharp and Mark Finocchio and Richard Moore and Alex Kipman and Andrew Blake},
title = {{Real-Time Human Pose Recognition in Parts from a Single Depth Image}},
booktitle = {Computer Vision and Pattern Recognition},
year = {2011},
masid = {61401465}
}

@inproceedings{39276404,
author = {Josue Iglesias and Jesus Cano and Ana M. Bernardos and Jose R. Casar},
title = {{A ubiquitous activity-monitor to prevent sedentariness}},
booktitle = {IEEE International Conference on Pervasive Computing and Communications},
year = {2011},
pages = {319--321},
doi = {10.1109/PERCOMW.2011.5766894},
masid = {39276404}
}

@inproceedings{6034678,
author = {Driss Choujaa and Naranker Dulay},
title = {{TRAcME: Temporal Activity Recognition Using Mobile Phone Data}},
booktitle = {Embedded and Ubiquitous Computing},
year = {2008},
pages = {119--126},
doi = {10.1109/EUC.2008.33},
masid = {6034678}
}

@article{1657614,
author = {J. Parkka and M. Ermes and Panu Korpip\"a\"a and Jani M\"antyj\"arvi and Johannes Peltola and Ilkka Korhonen},
title = {{Activity Classification Using Realistic Data From Wearable Sensors}},
journal = {IEEE Transactions on Information Technology in Biomedicine},
volume = {10},
year = {2006},
pages = {119--128},
issue = {1},
doi = {10.1109/TITB.2005.856863},
masid = {1657614}
}

@inproceedings{50693234,
author = {Luciana C. Jatoba and Ulrich Grossmann and Chistophe Kunze and Jorg Ottenbacher and Wilhelm Stork},
title = {{Context-aware mobile health monitoring: Evaluation of different pattern recognition methods for classification of physical activity}},
booktitle = {Annual International Conference of the IEEE Engineering in Medicine and Biology Society},
year = {2008},
pages = {5250--5253},
doi = {10.1109/IEMBS.2008.4650398},
masid = {50693234}
}


@book{4725567,
author = {Tomas Brezmes and Juan-luis Gorricho and Josep Cotrina},
title = {{Activity Recognition from Accelerometer Data on a Mobile Phone}},
booktitle = {International Work-Conference on Artificial and NaturalNeural Networks},
year = {2009},
pages = {796--799},
doi = {10.1007/978-3-642-02481-8_120},
masid = {4725567}
}

@inproceedings{51000722,
author = {Keunhyun Oh and Han-Saem Park and Sung-Bae Cho},
title = {{A Mobile Context Sharing System Using Activity and Emotion Recognition with Bayesian Networks}},
booktitle = {Autonomic and Trusted Computing},
year = {2010},
doi = {10.1109/UIC-ATC.2010.26},
masid = {51000722}
}

@inproceedings{4554692,
author = {Emmanuel Munguia Tapia and Stephen S. Intille and William Haskell and Kent Larson and Julie Wright and Abby King and Robert Friedman},
title = {{Real-Time Recognition of Physical Activities and Their Intensities Using Wireless Accelerometers and a Heart Rate Monitor}},
booktitle = {International Symposium on Wearable Computers},
year = {2007},
doi = {10.1109/ISWC.2007.4373774},
masid = {4554692}
}

@article{50785143,
author = {Tzu-Ping Kao and Che-Wei Lin and Jeen-Shing Wang},
title = {{Development of a portable activity detector for daily activity recognition}},
year = {2009},
doi = {10.1109/ISIE.2009.5222001},
masid = {50785143}
}



@article{49643886,
author = {Oscar D. Lara and Alfredo J. Perez and Miguel A. Labrador and Jose D. Posada},
title = {{Centinela: A human activity recognition system based on acceleration and vital sign data}},
journal = {Pervasive and Mobile Computing},
doi = {10.1016/j.pmcj.2011.06.004},
masid = {49643886}
}

@book{658885,
author = {Ling Bao and Stephen S. Intille},
title = {{Activity Recognition from User-Annotated Acceleration Data}},
booktitle = {Pervasive Computing},
year = {2004},
pages = {1--17},
doi = {10.1007/978-3-540-24646-6_1},
masid = {658885}
}

@inproceedings{6681248,
author = {Yuya Hanai and Jun Nishimura and Tadahiro Kuroda},
title = {{Haar-Like Filtering for Human Activity Recognition Using 3D Accelerometer}},
booktitle = {IEEE Digital Signal Processing Workshop},
year = {2009},
doi = {10.1109/DSP.2009.4786008},
masid = {6681248}
}

@INPROCEEDINGS{5601045,
author={Zhen-Yu He and Lian-Wen Jin},
booktitle={Machine Learning and Cybernetics, 2008 International Conference on}, title={Activity recognition from acceleration data using AR model representation and SVM},
year={July},
volume={4},
pages={2245-2250}
}

@book{13997602,
author = {Martin Berchtold and Matthias Budde and Hedda Rahel Schmidtke and Michael Beigl},
title = {{An Extensible Modular Recognition Concept That Makes Activity Recognition Practical}},
booktitle = {German Conference on Artificial Intelligence},
year = {2010},
pages = {400--409},
doi = {10.1007/978-3-642-16111-7_46},
masid = {13997602}
}

@article{15229223,
author = {Daniele Riboni and Claudio Bettini},
title = {{COSAR: hybrid reasoning for context-aware activity recognition}},
journal = {Personal and Ubiquitous Computing},
volume = {15},
year = {2011},
pages = {271--289},
issue = {3},
doi = {10.1007/s00779-010-0331-7},
masid = {15229223}
}

@book{4725567,
author = {Tomas Brezmes and Juan-luis Gorricho and Josep Cotrina},
title = {{Activity Recognition from Accelerometer Data on a Mobile Phone}},
booktitle = {International Work-Conference on Artificial and NaturalNeural Networks},
year = {2009},
pages = {796--799},
doi = {10.1007/978-3-642-02481-8_120},
masid = {4725567}
}

@inproceedings{50992332,
author = {Martin Berchtold and M. Budde and D. Gordon and H. R. Schmidtke and M. Beigl},
title = {{ActiServ: Activity Recognition Service for mobile phones}},
booktitle = {International Symposium on Wearable Computers},
year = {2010},
pages = {1--8},
doi = {10.1109/ISWC.2010.5665868},
}

@inproceedings{4718483,
author = {Zhenyu He and Zhibin Liu and Lianwen Jin and Li-xin Zhen and Jian-cheng Huang},
title = {{Weightlessness feature - a novel feature for single tri-axial accelerometer based activity recognition}},
booktitle = {International Conference on Pattern Recognition},
year = {2008},
pages = {1--4},
doi = {10.1109/ICPR.2008.4761688},
masid = {4718483}
}

@inproceedings{13280724,
author = {Zhenyu He and Lianwen Jin},
title = {{Activity Recognition from acceleration data Based on Discrete Consine Transform and SVM}},
booktitle = {IEEE International Conference on Systems, Man, and Cybernetics},
year = {2009},
pages = {5041--5044},
doi = {10.1109/ICSMC.2009.5346042},
masid = {13280724}
}

@article{4774823,
author = {Yen-ping Chen and Jhun-ying Yang and Shun-nan Liou and Gwo-yun Lee and Jeen-shing Wang},
title = {{Online classifier construction algorithm for human activity detection using a tri-axial accelerometer}},
journal = {Applied Mathematics and Computation},
volume = {205},
year = {2008},
pages = {849--860},
issue = {2},
doi = {10.1016/j.amc.2008.05.099},
masid = {4774823}
}

@article{13335677,
author = {Sasank Reddy and Min Mun and Jeff Burke and Deborah Estrin and Mark H. Hansen and Mani B. Srivastava},
title = {{Using mobile phones to determine transportation modes}},
journal = {ACM Transactions on Sensor Networks},
volume = {6},
year = {2010},
pages = {1--27},
issue = {2},
doi = {10.1145/1689239.1689243},
masid = {13335677}
}

@article{50931728,
author = {A. M. Khan and Y. K. Lee and S. Y. Lee},
title = {{Accelerometer's position free human activity recognition using a hierarchical recognition model}},
year = {2010},
doi = {10.1109/HEALTH.2010.5556553},
masid = {50931728}
}

@article{14405313,
author = {Adil Mehmood Khan and Young-Koo Lee and Sungyoung Y. Lee and Tae-Seong Kim},
title = {{A triaxial accelerometer-based physical-activity recognition via augmented-signal features and a hierarchical recognizer}},
journal = {IEEE Transactions on Information Technology in Biomedicine},
volume = {14},
year = {2010},
pages = {1166--1172},
issue = {5},
doi = {10.1109/TITB.2010.2051955},
masid = {14405313}
}

@inproceedings{13666184,
author = {Korbinian Frank and Matthias R\"ockl and Maria Josefa Vera Nadales and Patrick Robertson and Tom Pfeifer},
title = {{Comparison of exact static and dynamic Bayesian context inference methods for activity recognition}},
booktitle = {IEEE International Conference on Pervasive Computing and Communications},
year = {2010},
pages = {189--195},
doi = {10.1109/PERCOMW.2010.5470671},
masid = {13666184}
}

@article{13988833,
author = {Kuan Lun Huang and Salil S. Kanhere and Wen Hu},
title = {{Preserving privacy in participatory sensing systems}},
journal = {Computer Communications},
volume = {33},
year = {2010},
pages = {1266--1280},
issue = {11},
doi = {10.1016/j.comcom.2009.08.012},
masid = {13988833}
}

@article{49193364,
author = {Delphine Christin and Andreas Reinhardt and Salil S. Kanhere and Matthias Hollick},
title = {{A survey on privacy in mobile participatory sensing applications}},
journal = {Journal of Systems and Software},
volume = {84},
year = {2011},
pages = {1928--1946},
issue = {11},
doi = {10.1016/j.jss.2011.06.073},
masid = {49193364}
}


@inproceedings{57009308,
author = {Idalides J. Vergara-Laurens and Miguel A. Labrador},
title = {{Preserving privacy while reducing power consumption and information loss in LBS and participatory sensing applications}},
booktitle = {IEEE Globecom Workshops},
year = {2011},
doi = {10.1109/GLOCOMW.2011.6162381},
masid = {57009308}
}


@inproceedings{50693053,
author = {Miikka Ermes and Juha Parkka and Luc Cluitmans},
title = {{Advancing from offline to online activity recognition with wearable sensors}},
booktitle = {Annual International Conference of the IEEE Engineering in Medicine and Biology Society},
year = {2008},
pages = {4451--4454},
doi = {10.1109/IEMBS.2008.4650199},
masid = {50693053}
}

@inproceedings{13514756,
author = {Brent Longstaff and Sasank Reddy and Deborah Estrin},
title = {{Improving activity classification for health applications on mobile devices using active and semi-supervised learning}},
booktitle = {International Conference on Pervasive Computing Technologies for Healthcare, PervasiveHealth},
year = {2010},
doi = {10.4108/ICST.PERVASIVEHEALTH2010.8851},
masid = {13514756}
}

@inproceedings{56955256,
author = {scar D. Lara and Miguel A. Labrador},
title = {{A mobile platform for real-time human activity recognition}},
booktitle = {CCNC IEEE Consumer Communications and Networking Conference},
year = {2012},
doi = {10.1109/CCNC.2012.6181018},
masid = {56955256}
}

@book{13667319,
author = {Kerem Altun and Billur Barshan},
title = {{Human Activity Recognition Using Inertial/Magnetic Sensor Units}},
booktitle = {International Conference on Pattern Recognition},
year = {2010},
pages = {38--51},
doi = {10.1007/978-3-642-14715-9_5},
masid = {13667319}
}

@article{4435978,
author = {Tanzeem Choudhury and Gaetano Borriello and Sunny Consolvo and Dirk Haehnel and Beverly Harrison and Bruce Hemingway and Jeffrey Hightower and Predrag "Pedja" Klasnja and Karl Koscher and Anthony Lamarca and James A. Landay and Louis Legrand and Jonathan Lester and Ali Rahimi and Adam Rea and Danny Wyatt},
title = {{The Mobile Sensing Platform: An Embedded Activity Recognition System}},
journal = {IEEE Pervasive Computing},
volume = {7},
year = {2008},
pages = {32--41},
issue = {2},
doi = {10.1109/MPRV.2008.39},
masid = {4435978}
}

@article{5301353,
author = {Jani Penttil\"a and Johannes Peltola and Tapio Sepp\"anen},
title = {{A SPEECH/MUSIC DISCRIMINATOR BASED AUDIO BROWSER WITH A DEGREE OF CERTAINTY MEASURE}},
masid = {5301353}
}

@inproceedings{2480381,
author = {Uwe Maurer and Asim Smailagic and Daniel P. Siewiorek and Michael Deisher},
title = {{Activity Recognition and Monitoring Using Multiple Sensors on Different Body Positions}},
booktitle = {Wearable and Implantable Body Sensor Networks},
year = {2006},
pages = {113--116},
doi = {10.1109/BSN.2006.6},
masid = {2480381}
}

@book{13303414,
author = {Jingyuan Cheng and Oliver Amft and Paul Lukowicz},
title = {{Active Capacitive Sensing: Exploring a New Wearable Sensing Modality for Activity Recognition}},
booktitle = {Pervasive Computing},
year = {2010},
pages = {319--336},
doi = {10.1007/978-3-642-12654-3_19},
masid = {13303414}
}

@book{5279748,
author = {David Minnen and Tracy Westeyn and Daniel Ashbrook and Peter Presti and Thad Starner},
title = {{Recognizing Soldier Activities in the Field}},
booktitle = {Wearable and Implantable Body Sensor Networks},
doi = {10.1007/978-3-540-70994-7_40},
masid = {5279748}
}

@article{39290885,
author = {David McGlynn and Michael G. Madden},
title = {{An Ensemble Dynamic Time Warping Classifier with Application to Activity Recognition}},
year = {2010},
pages = {339--352},
doi = {10.1007/978-0-85729-130-1_26},
masid = {39290885}
}

@book{4250597,
author = {Nam Pham and Tarek F. Abdelzaher},
title = {{Robust Dynamic Human Activity Recognition Based on Relative Energy Allocation}},
booktitle = {Distributed Computing in Sensor Systems},
year = {2008},
pages = {525--530},
doi = {10.1007/978-3-540-69170-9_39},
masid = {4250597}
}

@article{1428583,
author = {Hanchuan Peng and Fuhui Long and Chris H. Q. Ding},
title = {{Feature Selection Based on Mutual Information: Criteria of Max-Dependency, Max-Relevance, and Min-Redundancy}},
journal = {IEEE Transactions on Pattern Analysis and Machine Intelligence},
volume = {27},
year = {2005},
pages = {1226--1238},
issue = {8},
doi = {10.1109/TPAMI.2005.159},
masid = {1428583}
}

@article{216551,
author = {Mark A. Hall},
title = {{Correlation-based Feature Selection for Machine Learning}},
year = {1999},
masid = {216551}
}


@inproceedings{6029049,
author = {Rodrigo Cilla and Miguel A. Patricio and Antonio Berlanga and Jose M. Molina},
title = {{Creating Human Activity Recognition Systems Using Pareto-based Multiobjective Optimization}},
booktitle = {Advanced Video and Signal Based Surveillance},
year = {2009},
pages = {37--42},
doi = {10.1109/AVSS.2009.23},
masid = {6029049}
}

@inproceedings{553657,
author = {Cliff Randell and Henk L. Muller},
title = {{Context Awareness by Analyzing Accelerometer Data}},
booktitle = {International Symposium on Wearable Computers},
year = {2000},
pages = {175--176},
doi = {10.1109/ISWC.2000.888488},
masid = {553657}
}

@inproceedings{6468918,
author = {Chun Zhu and Weihua Sheng},
title = {{Human daily activity recognition in robot-assisted living using multi-sensor fusion}},
booktitle = {International Conference on Robotics and Automation},
year = {2009},
pages = {2154--2159},
doi = {10.1109/ROBOT.2009.5152756},
masid = {6468918}
}

@article{15227910,
author = {La The Vinh and Sungyoung Lee and Hung Xuan Le and Hung Quoc Ngo and Hyoung Il Kim and Manhyung Han and Young-Koo Lee},
title = {{Semi-Markov conditional random fields for accelerometer-based activity recognition}},
journal = {Applied Intelligence},
volume = {33},
pages = {1--16},
issue = {1},
doi = {10.1007/s10489-010-0216-5},
masid = {15227910}
}

@book{695159,
author = {J. Ross Quinlan},
title = {{C4.5: Programs for Machine Learning}},
year = {1993},
masid = {695159}
}

@article{50127599,
author = {P. Antal},
title = {{Construction of a classifier with prior domain knowledge formalised as Bayesian network}},
year = {1998},
doi = {10.1109/IECON.1998.724126},
masid = {50127599}
}

@inproceedings{1850543,
author = {Harry Zhang},
title = {{The Optimality of Naive Bayes}},
booktitle = {The Florida AI Research Society Conference},
year = {2004},
masid = {1850543}
}

@article{72598,
author = {Corinna Cortes and Vladimir Vapnik},
title = {{Support-vector networks}},
journal = {Machine Learning},
volume = {20},
year = {1995},
pages = {273--297},
issue = {3},
doi = {10.1007/BF00994018},
masid = {72598}
}

@article{1256546,
author = {STEPHEN I. GALLANT},
title = {{Perceptron-based learning algorithms}},
journal = {IEEE Transactions on Neural Networks},
volume = {1},
year = {1990},
pages = {179--191},
issue = {2},
doi = {10.1109/72.80230},
masid = {1256546}
}

@inproceedings{50802744,
author = {Maja Stikic and Diane Larlus and Bernt Schiele},
title = {{Multigraph Based Semi-supervised Learning for Activity Recognition}},
booktitle = {International Symposium on Wearable Computers},
year = {2009},
pages = {85--92},
doi = {10.1109/ISWC.2009.24},
masid = {50802744}
}

@article{51194015,
author = {Maja Stikic and Diane Larlus and Sandra Ebert and Bernt Schiele},
title = {{Weakly Supervised Recognition of Daily Life Activities with Wearable Sensors}},
journal = {IEEE Transactions on Pattern Analysis and Machine Intelligence},
volume = {33},
year = {2011},
pages = {2521--2537},
issue = {12},
doi = {10.1109/TPAMI.2011.36},
masid = {51194015}
}

@inproceedings{50664060,
author = {Aziah Ali and Rachel C. King and Guang-Zhong Yang},
title = {{Semi-supervised segmentation for activity recognition with Multiple Eigenspaces}},
booktitle = {IEEE/EMBS International Summer School on Medical Devices and Biosensors},
year = {2008},
doi = {10.1109/ISSMDBS.2008.4575082},
masid = {50664060}
}

@inproceedings{4311423,
author = {Donghai Guan and Weiwei Yuan and Young-koo Lee and Andrey Gavrilov and Sungyoung Lee},
title = {{Activity Recognition Based on Semi-supervised Learning}},
booktitle = {Real-Time Computing Systems and Applications},
year = {2007},
pages = {469--475},
doi = {10.1109/RTCSA.2007.17},
masid = {4311423}
}

@inproceedings{2459632,
author = {Tâm Huynh and Bernt Schiele},
title = {{Towards Less Supervision in Activity Recognition from Wearable Sensors}},
booktitle = {International Symposium on Wearable Computers},
year = {2006},
pages = {3--10},
doi = {10.1109/ISWC.2006.286336},
masid = {2459632}
}

@article{33878112,
author = {Daniel Arvidsson and Frode Slinde and Lena Hulthen},
title = {{Free-living energy expenditure in children using multi-sensor activity monitors}},
journal = {Clinical Nutrition},
volume = {28},
year = {2009},
pages = {305--312},
issue = {3},
doi = {10.1016/j.clnu.2009.03.006},
masid = {33878112}
}

@article{1702486,
author = {Astro Teller},
title = {{A platform for wearable physiological computing}},
journal = {Interacting with Computers},
volume = {16},
year = {2004},
pages = {917--937},
issue = {5},
doi = {10.1016/j.intcom.2004.08.004},
masid = {1702486}
}

@article{50931728,
author = {A. M. Khan and Y. K. Lee and S. Y. Lee},
title = {{Accelerometer's position free human activity recognition using a
hierarchical recognition model}},
year = {2010},
doi = {10.1109/HEALTH.2010.5556553},
masid = {50931728}
}

@inproceedings{383442,
author = {Avrim Blum and Tom M. Mitchell},
title = {{Combining Labeled and Unlabeled Data with Co-training}},
booktitle = {Computational Learning Theory},
year = {1998},
pages = {92--100},
doi = {10.1145/279943.279962},
masid = {383442}
}

@inproceedings{50992333,
author = {Ulf Blanke and Bernt Schiele},
title = {{Remember and transfer what you have learned - recognizing
composite activities based on activity spotting}},
booktitle = {International Symposium on Wearable Computers},
year = {2010},
pages = {1--8},
doi = {10.1109/ISWC.2010.5665869},
masid = {50992333}
}

@inproceedings{39276512,
author = {Rim Helaoui and Mathias Niepert and Heiner Stuckenschmidt},
title = {{Recognizing interleaved and concurrent activities: A
statistical-relational approach}},
booktitle = {IEEE International Conference on Pervasive Computing and
Communications},
year = {2011},
pages = {1--9},
doi = {10.1109/PERCOM.2011.5767586},
masid = {39276512}
}

@inproceedings{131814,
author = {Charles Elkan},
title = {{The Foundations of Cost-Sensitive Learning}},
booktitle = {International Joint Conference on Artificial Intelligence},
year = {2001},
pages = {973--978},
masid = {131814}
}

@article{51193384,
author = {Ye Xu and Hong Lu and Andrew T. Campbell and Tanzeem Choudhury
and Shane B. Eisenman},
title = {{Exploiting Social Networks for Large-Scale Human Behavior
Modeling}},
journal = {IEEE Pervasive Computing},
volume = {10},
year = {2011},
pages = {45--53},
issue = {4},
doi = {10.1109/MPRV.2011.70},
masid = {51193384}
}

@article{dividino09,
  author    = {Renata Queiroz Dividino and
               Sergej Sizov and
               Steffen Staab and
               Bernhard Schueler},
  title     = {Querying for provenance, trust, uncertainty and other meta
               knowledge in RDF},
  journal   = {J. Web Sem.},
  volume    = {7},
  number    = {3},
  year      = {2009},
  pages     = {204-219},
  ee        = {http://dx.doi.org/10.1016/j.websem.2009.07.004},
  bibsource = {DBLP, http://dblp.uni-trier.de}
}

@article{ringelstein11,
  author    = {Christoph Ringelstein and
               Steffen Staab},
  title     = {Papel: Provenance-Aware Policy Definition and Execution},
  journal   = {IEEE Internet Computing},
  volume    = {15},
  number    = {1},
  year      = {2011},
  pages     = {49-58},
  ee        = {http://doi.ieeecomputersociety.org/10.1109/MIC.2010.128},
  bibsource = {DBLP, http://dblp.uni-trier.de}
}

@article{ringelstein10,
  author    = {Christoph Ringelstein and
               Steffen Staab},
  title     = {DiALog: A Distributed Model for Capturing Provenance and
               Auditing Information},
  journal   = {Int. J. Web Service Res.},
  volume    = {7},
  number    = {2},
  year      = {2010},
  pages     = {1-20},
  ee        = {http://dx.doi.org/10.4018/jwsr.2010040101},
  bibsource = {DBLP, http://dblp.uni-trier.de}
}

@inproceedings{ringelstein10a,
  author    = {Christoph Ringelstein and
               Steffen Staab},
  title     = {PAPEL: A Language and Model for Provenance-Aware Policy
               Definition and Execution},
  booktitle = {Business Process Management - 8th International Conference,
               BPM 2010, Hoboken, NJ, USA, September 13-16, 2010},
  year      = {2010},
  pages     = {195-210},
  ee        = {http://dx.doi.org/10.1007/978-3-642-15618-2_15},
}

@ARTICLE{lara12,
author={Lara, O. and Labrador, M.},
journal={Communications Surveys Tutorials, IEEE}, title={A Survey on Human Activity Recognition using Wearable Sensors},
year={2012},
month={ },
volume={PP},
number={99},
pages={1--18},
keywords={Human-centric sensing;context awareness;machine learning;mobile applications;},
doi={10.1109/SURV.2012.110112.00192},
ISSN={1553-877X}
}

@inproceedings{wang2009framework,
  title={A framework of energy efficient mobile sensing for automatic user state recognition},
  author={Wang, Yi and Lin, Jialiu and Annavaram, Murali and Jacobson, Quinn A and Hong, Jason and Krishnamachari, Bhaskar and Sadeh, Norman},
  booktitle={Proceedings of the 7th international conference on Mobile systems, applications, and services},
  pages={179--192},
  year={2009},
  organization={ACM}
}

@inproceedings{kjaergaard2009entracked,
  title={Entracked: energy-efficient robust position tracking for mobile devices},
  author={Kj{\ae}rgaard, Mikkel Baun and Langdal, Jakob and Godsk, Torben and Toftkj{\ae}r, Thomas},
  booktitle={Proceedings of the 7th international conference on Mobile systems, applications, and services},
  pages={221--234},
  year={2009},
  organization={ACM}
}

@inproceedings{gabrilovich2007computing,
  added-at = {2013-02-25T00:20:23.000+0100},
  author = {Gabrilovich, Evgeniy and Markovitch, Shaul},
  biburl = {http://www.bibsonomy.org/bibtex/2d813512c0860001abbbf426c8b47f8b4/asmelash},
  booktitle = {Proceedings of the 20th international joint conference on Artifical intelligence},
  interhash = {5baf6af4bf58cf3926b39a12edb35e58},
  intrahash = {d813512c0860001abbbf426c8b47f8b4},
  keywords = {linkRecommender relatedness semantic wikipedia},
  pages = {1606--1611},
  title = {Computing semantic relatedness using wikipedia-based explicit semantic analysis},
  year = 2007
}

@misc{OpenStreetMap,
   author = {OpenStreetMap contributors},
   title = {{OpenStreetMap}, The Free Wiki World Map},
   month = {June},
   year = {2013},
   note = {\url{http://www.openstreetmap.org/}}
}

@misc{RapidMiner,
   author = {RapidMiner contributors},
   title = {Professional open source data mining made easy: RapidMiner},
   month = {June},
   year = {2013},
   note = {\url{http://rapid-i.com/}}
}

@inproceedings{BenAbdesslem:2009:LME:1592606.1592621,
 author = {Ben Abdesslem, Fehmi and Phillips, Andrew and Henderson, Tristan},
 title = {Less is more: energy-efficient mobile sensing with senseless},
 booktitle = {Proceedings of the 1st ACM workshop on Networking, systems, and applications for mobile handhelds},
 series = {MobiHeld '09},
 year = {2009},
 isbn = {978-1-60558-444-7},
 location = {Barcelona, Spain},
 pages = {61--62},
 numpages = {2},
 url = {http://doi.acm.org/10.1145/1592606.1592621},
 doi = {10.1145/1592606.1592621},
 acmid = {1592621},
 publisher = {ACM},
 address = {New York, NY, USA},
 keywords = {energy, sensing, wireless},
}

%%%%%%%%%%%%%%%%%%%%%%%%%%%%%%%%%%%%%%%%%%%%%%%%%%%%%%%%%%%%%%%%%%%%%%%%%%%%%%%%%%%%%%%%%%%%%%%%%%%%%%%%
%%%%%%%%%%%%%%%%%%%%%%%%%%%%%%%%%%%%%%%%%%%%%%%%%%%%%%%%%%%%%%%%%%%%%%%%%%%%%%%%%%%%%%%%%%%%%%%%%%%%%%%%
%%%%%%%%%%%%%%%%%%%%%%%%%%%%%%%%%%%%%%%%%%%%%%%%%%%%%%%%%%%%%%%%%%%%%%%%%%%%%%%%%%%%%%%%%%%%%%%%%%%%%%%%
%
% Privacy Protection References
%
% Warren, S. and Brandeis, L., 1890, “The Right to Privacy,” Harvard Law Review, 4: 193–220
% DeCew, Judith, "Privacy", The Stanford Encyclopedia of Philosophy (Fall 2013 Edition), Edward N. Zalta (ed.), URL = http://plato.stanford.edu/archives/fall2013/entries/privacy/.
% C. Freid, An Anatomy of Values, Harvard Univ. Press, 1970
% Serge Gutwirth, Privacy and the information ange, Lanham, MD: Rowman & Littlefield, 2002
% Jutla, D.N., Bodorik, P.: Sociotechnical Architecture for Online Privacy. IEEE Security & Privacy 3(2), 29–39 (2005)
% European Data Protection: Coming of Age 2013, pp 3-32 Date: 12 Oct 2012 Seven Types of Privacy    Rachel L. Finn,    David Wright,    Michael Friedewald

@incollection{CFried:Privacy,
	author = {Charles Fried},
	title = {Privacy: A Rational Context},
	booktitle = {An Anatomy of Values},
	year = {1970},
	publisher = {Havard Univ. Press},
	pages = {137--152},
	keywords = {privacy}
}

@article{WarrenBrandeis:RightToPrivacy,
	author = {Louis Brandeis
	and Samuel Warren},
	title = {The Right to Privacy},
	journal = {Havard Law Review},
	volume = {4},
	year = {1890},
	pages = {193--220}
}

@InCollection{sep-privacy,
	author       =	{Judith DeCew},
	title        =	{Privacy},
	booktitle    =	{The Stanford Encyclopedia of Philosophy},
	editor       =	{Edward N. Zalta},
	howpublished =	{\url{http://plato.stanford.edu/archives/fall2013/entries/privacy/}},
	year         =	{2013},
	edition      =	{Fall 2013},
	note		 =  {\url{http://plato.stanford.edu/archives/fall2013/entries/privacy/}}
}

@incollection{7ToP,
	author = {Rachel L. Finn
	and David Wright
	and Michael Friedewald},
	title = {Seven Types of Privacy},
	booktitle = {European Data Protection: Coming of Age},
	year = {2013},
	pate = {3--32},
	doi = {10.1007/978-94-007-5170-5_1},
	isbn = {978-94-007-5184-2},
	publisher = {Springer Netherlands},
	url = {http://link.springer.com/chapter/10.1007%2F978-94-007-5170-5_1},
	note = {[last access on 21.1.2015}
}

@misc{Gutwirth,
	author = {Serge Gutwirth},
	title = {Privacy and the information age},
	year = {2002},
	publisher = {{Lanham/Boulder/New York/Oxford, Rowman & Littlefield Publ}},
}

@article{Grimm:ItSecRefModel,
	author = {R\"{u}diger Grimm
	and Daniela Simi\'{c}-Draws
	and Katharina Br\"{a}unlich
	and Andreas Kasten
	and Anastasia Meletiadou},
	title = {Referenzmodell f\"{u}r ein Vorgehen bei der IT-Sicherheitsanalyse},
	journal = {Informatik-Spektrum},
	year = {2014},
	doi = {10.1007/s00287-014-0807-3},
	issn = {0170-6012},
	publisher = {Springer Berlin Heidelberg},
	url = {http://link.springer.com/article/10.1007\%2Fs00287-014-0807-3},
	note = {[last access on 21.1.2015}
}

@article{ItSecGlossary,
	author = {Felix Freiling
	and R\"{u}diger Grimm
	and Karl-Erwin Großpietsch
	and Hubert B. Keller
	and Jürgen Mottok
	and Isabel M\"{u}nch
	and Kai Rannenberg
	and Francesca Saglietti},
	title = {Technische Sicherheit und Informationssicherheit},
	journal = {Informatik-Spektrum},
	valume={37},
	year = {2014},
	pages = {14--24},
	doi = {10.1007/s00287-013-0748-2},
	issn = {0170-6012},
	publisher = {Springer Berlin Heidelberg},
	url = {http://link.springer.com/article/10.1007%2Fs00287-013-0748-2}
}

@article{SociotechnicalArchitectureForOnlinePrivacy,
	author = {Peter Bodorik
	and Dawn N. Jutla},
	title = {Sociotechnical Architecture for Online Privacy},
	journal = {Security \& Privacy},
	volume = {3},
	publisher = {IEEE},
	year = {2005},
	pages = {29--39},
	issn = {1540-7993},
	doi = {10.1109/MSP.2005.50},
	url = {http://ieeexplore.ieee.org/xpl/articleDetails.jsp?reload=true&arnumber=1423958}
}

%http://en.wikipedia.org/wiki/Data_Protection_Directive
@misc{EUDataProtectionDirective,
	address = {Brussels},
	author = {{European Parliament and Council of the European Union}},
	publisher = {European Parliament},
	title = {{Directive 95/46/EC}},
	year = {1995},
	url = {http://eur-lex.europa.eu/legal-content/en/ALL/;ELX_SESSIONID=t7MvJ9Qpv5Kg6D15mdcTLDhyVyw5VWLSQ8vxKf5C71ty2NtSSfMm!1568216989?uri=CELEX:31995L0046}
}


@misc{EUConventionOnHumanRights,
	address = {Brussels},
	author = {{European Parliament and Council of the European Union}},
	publisher = {European Parliament},
	title = {{European Convention on Human Rights}},
	year = {1953}
}

@misc{Bundesdatenschutzgesetz,
	address = {Berlin},
	author = {{Bundestag and Bundesregierung}},
	publisher = {Federal Government of Germany},
	title = {{Bundesdatenschutzgesetz}},
	year = {2003-2010}
}

%http://en.wikipedia.org/wiki/Data_Protection_Act_1998
@misc{UKDataProtectionAct,
	address = {London},
	author = {{United Kingdom of Great Britain and Northern Ireland Parliament and Government}},
	publisher = {{United Kingdom of Great Britain and Northern Ireland Parliament and Government}},
	title = {{Data Protection Act}},
	year = {1998}
}


@misc{BVerfG:census,
	author = {BVerfG},
	title = {decision about census, 15.12.1983, esp, C II 1 a. And decision about online supervision by law enforcement, 27.2.2008.},
	publisher = {},
	year = {},
	url = {},
	note = {}
}


%http://www.rogerclarke.com/DV/Intro.html
@misc{RClarke:4ToP,
	author = {Roger Clarke},
	title = {Introduction to Dataveillance and Informatin Privacy, and defintions of Terms},
	publisher = {Xamax Consultancy},
	year = {1997},
	url = {http://www.rogerclarke.com/DV/Intro.html},
	note = {\url{http://www.rogerclarke.com/DV/Intro.html} [last access on 21.1.2015}
}



@ARTICLE{Avizienis,
author={Avizienis, A. and Laprie, J.-C. and Randell, B. and Landwehr, C.},
journal={Dependable and Secure Computing, IEEE Transactions on},
title={Basic concepts and taxonomy of dependable and secure computing},
year={2004},
month={Jan},
volume={1},
number={1},
pages={11-33},
keywords={data privacy;fault tolerant computing;security of data;software reliability;system recovery;dependable computing;fault forecasting;fault prevention;fault removal;fault tolerance;secure computing;system attacks;system availability;system failures;system integrity;system maintainability;system reliability;system safety;system security;system vulnerabilities;taxonomy;Availability;Books;Communication system security;Fault tolerance;Maintenance;Safety;Standardization;Taxonomy;Uncertainty;65;Index Terms- Dependability;attacks;errors;failures;fault forecasting.;fault removal;fault tolerance;faults;security;trust;vulnerabilities},
doi={10.1109/TDSC.2004.2},
ISSN={1545-5971},}


@misc{EU-directive2,
	added-at = {2008-04-30T12:59:47.000+0200},
	author = {{EU}},
	description = {KDubiq Blueprint},
	keywords = {imported},
	note = {\url{http://europa.eu.int/eur-lex/pri/en/oj/dat/2002/l_201/l_20120020731en00370047.pdf} [last access on 21.1.2015]},
	timestamp = {2008-04-30T12:59:47.000+0200},
	title = {\mbox{D}irective \mbox{2002/58/EC} of the \mbox{E}uropean
	\mbox{P}arliament and of the \mbox{C}ouncil \mbox{C}oncerning the \mbox{P}rocessing of
	\mbox{P}ersonal \mbox{D}ata and the \mbox{P}rotection of \mbox{P}rivacy in the
	\mbox{E}lectronic \mbox{C}ommunications \mbox{S}ector},
	year = 2002
}
